<?xml version="1.0"?>
<marc:records xmlns:marc="http://www.loc.gov/MARC21/slim" xmlns:xsi="http://www.w3.org/2001/XMLSchema-instance" xsi:schemaLocation="http://www.loc.gov/MARC21/slim http://www.loc.gov/standards/marcxml/schema/MARC21slim.xsd">
  <marc:record>
    <marc:leader>03045ntm a2200313 u 4500</marc:leader>
    <marc:controlfield tag="001">9977633748403681</marc:controlfield>
    <marc:controlfield tag="005">20200121000505.0</marc:controlfield>
    <marc:controlfield tag="008">200115q17051706enk           000 0 eng d</marc:controlfield>
    <marc:datafield ind1=" " ind2=" " tag="035">
  <marc:subfield code="a">(OCoLC)on1137019986</marc:subfield>
</marc:datafield>
    <marc:datafield ind1=" " ind2=" " tag="035">
  <marc:subfield code="a">(OCoLC)1137019986</marc:subfield>
</marc:datafield>
    <marc:datafield ind1=" " ind2=" " tag="040">
  <marc:subfield code="b">eng</marc:subfield>
  <marc:subfield code="c">PAU</marc:subfield>
  <marc:subfield code="e">dacs</marc:subfield>
</marc:datafield>
    <marc:datafield ind1=" " ind2="9" tag="099">
  <marc:subfield code="a">Misc Mss Box 24 Folder 13</marc:subfield>
</marc:datafield>
    <marc:datafield ind1="1" ind2=" " tag="110">
  <marc:subfield code="a">England and Wales.</marc:subfield>
  <marc:subfield code="b">Court of Chancery.</marc:subfield>
</marc:datafield>
    <marc:datafield ind1="0" ind2="0" tag="245">
  <marc:subfield code="a">Jeffery family chancery court records,</marc:subfield>
  <marc:subfield code="f">1705-1706.</marc:subfield>
</marc:datafield>
    <marc:datafield ind1=" " ind2=" " tag="300">
  <marc:subfield code="a">2</marc:subfield>
  <marc:subfield code="f">items (2 leaves)</marc:subfield>
</marc:datafield>
    <marc:datafield ind1=" " ind2=" " tag="500">
  <marc:subfield code="a">A related decree with the same parties, dated 1704, was sold at auction at Addison &amp; Sarova (Macon, Georgia), 17 August 2019, lot 173.  This document establishes that George Brigham's wife Edith was the sister of the late John Jeffery.</marc:subfield>
</marc:datafield>
    <marc:datafield ind1=" " ind2=" " tag="520">
  <marc:subfield code="a">Two documents from chancery court proceedings related to the estates of the late John Jeffery (husband of Elizabeth Jeffery) and the late John Howell (father of Elizabeth Jeffery).  The first document (a bifolium) has the filing note "Report Beaumont &amp; Jeffery" and is dated 29 November 1705 (f. 2v).  The report concerns a hearing in which the complainants are Charles Beaumont and George Brigham (brother-in-law of the late John Jeffery) and the defendants are Samuel Jeffery (brother of the late John Jeffery), Elizabeth Jeffery, and Anne Harrell.  The unnamed court official, writing in the first person, finds that money is due to Elizabeth Jeffery as executrix for the the will of her father John Howell, related, to mortgages between John Howell and John Jeffery.  A number of calculations of expenses and interest accompany the report.  An acknowledgment of the report written on the document is signed by the parties and dated 19 December 1705.  The filing note on the verso of the second document, dated 13 July 1706, is "Agreement Beaumont &amp; Jeffery to refer if [illegible] Hooper and Mr. Poley."  The complainants are Charles Beaumont and the defendants are Elizabeth Jeffery, Samuel Jeffery, and Anne Harrell.  This agreement follows an earlier decree, not extant, about an estate to be sold to Elizabeth Jeffery; the parties agree to refer disputes about the sale to Mr. Hooper and Mr. Poley, whose decisions will be final, to avoid the expense and delay of rehearing.</marc:subfield>
</marc:datafield>
    <marc:datafield ind1="1" ind2=" " tag="561">
  <marc:subfield code="a">Sold at auction at Bloomsbury Auctions (London), 23 February 2017, as part of lot 59.</marc:subfield>
</marc:datafield>
    <marc:datafield ind1=" " ind2="0" tag="650">
  <marc:subfield code="a">Inheritance and succession</marc:subfield>
  <marc:subfield code="z">England</marc:subfield>
  <marc:subfield code="v">Cases.</marc:subfield>
</marc:datafield>
    <marc:datafield ind1=" " ind2="7" tag="655">
  <marc:subfield code="a">Legal documents.</marc:subfield>
  <marc:subfield code="2">aat</marc:subfield>
</marc:datafield>
    <marc:datafield ind1=" " ind2="0" tag="655">
  <marc:subfield code="a">Manuscripts, English</marc:subfield>
  <marc:subfield code="y">18th century.</marc:subfield>
</marc:datafield>
    <marc:datafield ind1=" " ind2="0" tag="655">
  <marc:subfield code="a">Manuscripts, European.</marc:subfield>
</marc:datafield>
    <marc:datafield ind1="1" ind2=" " tag="700">
  <marc:subfield code="a">Beaumont, Charles,</marc:subfield>
  <marc:subfield code="d">18th century,</marc:subfield>
  <marc:subfield code="e">complainant.</marc:subfield>
</marc:datafield>
    <marc:datafield ind1="1" ind2=" " tag="700">
  <marc:subfield code="a">Brigham, George,</marc:subfield>
  <marc:subfield code="d">18th century,</marc:subfield>
  <marc:subfield code="e">complainant.</marc:subfield>
</marc:datafield>
    <marc:datafield ind1="1" ind2=" " tag="700">
  <marc:subfield code="a">Jeffery, Elizabeth,</marc:subfield>
  <marc:subfield code="d">18th century,</marc:subfield>
  <marc:subfield code="e">defendant.</marc:subfield>
</marc:datafield>
    <marc:datafield ind1="1" ind2=" " tag="700">
  <marc:subfield code="a">Jeffery, Samuel,</marc:subfield>
  <marc:subfield code="d">18th century,</marc:subfield>
  <marc:subfield code="e">defendant.</marc:subfield>
</marc:datafield>
    <marc:datafield ind1="1" ind2=" " tag="700">
  <marc:subfield code="a">Harrell, Anne,</marc:subfield>
  <marc:subfield code="d">18th century,</marc:subfield>
  <marc:subfield code="e">defendant.</marc:subfield>
</marc:datafield>
    <marc:datafield ind1="0" ind2=" " tag="773">
  <marc:subfield code="t">Miscellaneous Manuscripts.</marc:subfield>
  <marc:subfield code="g">Box 24 Folder 13</marc:subfield>
</marc:datafield>
    <marc:datafield ind1=" " ind2=" " tag="852">
  <marc:subfield code="b">Kislak Center for Special Collections, Rare Books and Manuscripts</marc:subfield>
  <marc:subfield code="a">University of Pennsylvania</marc:subfield>
  <marc:subfield code="e">3420 Walnut Street, Philadelphia, Pennsylvania 19104-6206.</marc:subfield>
  <marc:subfield code="j">Misc Mss Box 24 Folder 13</marc:subfield>
</marc:datafield>
    <marc:holdings>
      <marc:holding>
        <marc:holding_id>22606475780003681</marc:holding_id>
        <marc:call_number>Misc Mss Box 24 Folder 13</marc:call_number>
        <marc:library>KislakCntr</marc:library>
        <marc:location>scmss</marc:location>
      </marc:holding>
    </marc:holdings>
  </marc:record>
</marc:records>
